<record><leader>00000cas a22000007a 4500</leader><controlfield tag="001">13107919</controlfield><controlfield tag="008">860205d18771892cauwr ne      0    0eng d</controlfield><datafield ind1=" " ind2=" " tag="010"><subfield code="a">sn 85066482 </subfield></datafield><datafield ind1=" " ind2=" " tag="040"><subfield code="a">KSH</subfield><subfield code="b">eng</subfield><subfield code="c">KSH</subfield><subfield code="d">NPT</subfield><subfield code="d">CNK</subfield><subfield code="d">OCLCQ</subfield></datafield><datafield ind1=" " ind2=" " tag="042"><subfield code="a">msc</subfield></datafield><datafield ind1="0" ind2=" " tag="130"><subfield code="a">Berkeley advocate (Berkeley, Calif. : 1877)</subfield></datafield><datafield ind1="1" ind2="0" tag="245"><subfield code="a">Berkeley advocate.</subfield></datafield><datafield ind1=" " ind2=" " tag="260"><subfield code="a">Berkeley, Cal. :</subfield><subfield code="b">H.N. Marquand</subfield></datafield><datafield ind1=" " ind2=" " tag="300"><subfield code="a">v. ;</subfield><subfield code="c">61 cm.</subfield></datafield><datafield ind1=" " ind2=" " tag="310"><subfield code="a">Weekly</subfield></datafield><datafield ind1="0" ind2=" " tag="362"><subfield code="a">Vol. 1, no. 1 (Mar. 10, 1877)-</subfield></datafield><datafield ind1="1" ind2=" " tag="362"><subfield code="a">Ceased in June 1892.</subfield></datafield><datafield ind1=" " ind2="4" tag="651"><subfield code="a">San Francisco Bay Area (Calif.)</subfield><subfield code="v">Newspapers.</subfield></datafield><datafield ind1=" " ind2=" " tag="752"><subfield code="a">United States</subfield><subfield code="b">California</subfield><subfield code="c">Alameda</subfield><subfield code="d">Berkeley.</subfield></datafield><datafield ind1="0" ind2=" " tag="775"><subfield code="t">Daily advocate (Berkeley, Calif.)</subfield><subfield code="w">(DLC)sn 93050926</subfield></datafield><datafield ind1="0" ind2=" " tag="775"><subfield code="t">Berkely advocate (Berkeley, Calif. : 1877 : Pacific Coast ed.)</subfield><subfield code="w">(DLC)sn 93050931</subfield></datafield><datafield ind1="0" ind2="4" tag="785"><subfield code="t">Berkeley daily advocate (Berkeley, Calif. : 1892)</subfield><subfield code="w">(DLC)sn 93050927</subfield></datafield><datafield ind1="1" ind2=" " tag="029"><subfield code="a">AU@</subfield><subfield code="b">000025839870</subfield></datafield></record>